<?xml version="1.0" encoding="UTF-8"?><collection xmlns="http://www.loc.gov/MARC21/slim"><record><leader>00434nam--2200145-i-4500</leader><controlfield tag="001">000012363</controlfield><controlfield tag="002">20161230</controlfield><controlfield tag="005">20161230201029</controlfield><controlfield tag="008">060222s1000------------r-----000-0-eng-d</controlfield><datafield ind1=" " ind2=" " tag="080"><subfield code="a">541:530.145:512.818</subfield></datafield><datafield ind1=" " ind2=" " tag="100"><subfield code="a">Chisholm, C.D.H</subfield></datafield><datafield ind1=" " ind2=" " tag="245"><subfield code="a">Group theoretical techniques in quantum chemis try</subfield></datafield><datafield ind1=" " ind2=" " tag="260"><subfield code="a">London, Academic Press, 1976. X + 271 P</subfield></datafield><datafield ind1=" " ind2=" " tag="490"><subfield code="a">Theoretical Chemistry.A Series Of Monographs Consulting</subfield></datafield><datafield ind1=" " ind2=" " tag="852"><subfield code="a">24173</subfield></datafield></record></collection>